%% This BibTeX bibliography file was created using BibDesk.
%% http://bibdesk.sourceforge.net/


%% Created for Rico Haeuselmann at 2013-06-15 00:44:38 +0200 


%% Saved with string encoding Unicode (UTF-8) 



@url{gurobi,
	Author = {Gurobi Optimization, Inc},
	Date-Added = {2013-06-14 22:37:55 +0000},
	Date-Modified = {2013-06-14 22:44:38 +0000},
	Lastchecked = {14. 06. 2013},
	Title = {Gurobi - The overall fastest and best supported solver available},
	Url = {http://www.gurobi.com/},
	Urldate = {2013}}

@url{glpk,
	Citeulike-Article-Id = {2714920},
	Citeulike-Linkout-0 = {http://www.gnu.org/software/glpk},
	Date-Added = {2013-06-14 22:20:08 +0000},
	Date-Modified = {2013-06-14 22:20:08 +0000},
	Keywords = {file-import-08-04-25},
	Lastchecked = {14. 06. 2013},
	Posted-At = {2008-04-25 01:59:34},
	Priority = {0},
	Title = {{GLPK} ({GNU} Linear Programming Kit)},
	Url = {http://www.gnu.org/software/glpk},
	Year = {2006},
	Bdsk-Url-1 = {http://www.gnu.org/software/glpk}}

@url{cheetah,
	Date-Added = {2013-06-14 20:27:42 +0000},
	Date-Modified = {2013-06-14 20:58:50 +0000},
	Lastchecked = {14. 06. 2013},
	Title = {Cheetah - The Python-Powered Template Engine},
	Url = {http://www.cheetahtemplate.org/},
	Year = {2001},
	Bdsk-Url-1 = {http://www.cheetahtemplate.org/}}
